@ONLINE{StateCSS2019_Frameworks,
	author = {Greif, Sacha and Benitte, Raphaël},
	title = {The State of CSS 2019},
	month = nov,
	year = {2019},
	url = {https://2019.stateofcss.com/technologies/css-frameworks/},
	note = {Zuletzt aufgerufen am 20. September 2020}
}

@ONLINE{AVACOWebsite,
	author = {{AVACO GmbH}},
	title = {Website},
	year = {2020},
	url = {https://www.avaco.io/portalloesung},
	note = {Zuletzt aufgerufen am 20. September 2020}
}

@ONLINE{FrontendDocumentation,
	author = {{AVACO GmbH}},
	title = {My.PORTAL Frontend-Documentation},
	year = {2020},
	url = {https://docs-frontend-portal.cmp-df.net/architecture/modularization-overview/},
	note = {Zuletzt aufgerufen am 20. September 2020}
}

@ONLINE{AtomicDesign,
	author = {Frost, Brad},
	title = {Atomic Design},
	month = jun,
	year = {2013},
	url = {https://bradfrost.com/blog/post/atomic-web-design/},
	note = {Zuletzt aufgerufen am 22. September 2020}
}

@ONLINE{VueDesignSystem,
	author = {Salminen, Viljami},
	title = {Vue Design System},
	url = {https://vueds.com/},
	note = {Zuletzt aufgerufen am 25. September 2020}
}

@ONLINE{VueDesignSystemGithub,
	author = {{Github}},
	title = {Vue Design System - Github Seite},
	url = {https://vueds.com/},
	note = {Zuletzt aufgerufen am 25. September 2020}
}

@ONLINE{VueDesignSystemTerminology,
	author = {Salminen, Viljami},
	title = {VUEDS - Dokumentation - Terminologie},
	url = {https://github.com/viljamis/vue-design-system/wiki/terminology},
	note = {Zuletzt aufgerufen am 25. September 2020}
}

@ONLINE{VuedsElements,
	author = {Salminen, Viljami},
	title = {VUEDS - Elements},
	month = mar,
	year = {2018},
	url = {https://viljamis.com/2018/vue-design-system/\#elements},
	note = {Zuletzt aufgerufen am 25. September 2020}
}

@ONLINE{VUEDSPatterns,
	author = {Salminen, Viljami},
	title = {VUEDS - Patterns},
	month = mar,
	year = {2018},
	url = {https://viljamis.com/2018/vue-design-system/\#patterns},
	note = {Zuletzt aufgerufen am 25. September 2020}
}

@ONLINE{VUEDSTemplates,
	author = {Salminen, Viljami},
	title = {VUEDS - Templates},
	month = mar,
	year = {2018},
	url = {https://viljamis.com/2018/vue-design-system/\#templates},
	note = {Zuletzt aufgerufen am 25. September 2020}
}

@ONLINE{DesignTokens,
	author = {Salesforce},
	title = {Lighting Design System - Design Tokens},
	url = {https://www.lightningdesignsystem.com/design-tokens/},
	note = {Zuletzt aufgerufen am 25. September 2020}
}

@ONLINE{GithubIssueStorybook,
	author = {{Github Issue}},
	title = {Storybook Issue auf Github},
	url = {https://github.com/storybookjs/storybook/issues/12495},
	note = {Zuletzt aufgerufen am 09. Oktober 2020}
}

@ONLINE{Storybook,
	author = {Storybook},
	title = {Storybook},
	url = {https://storybook.js.org/},
	note = {Zuletzt aufgerufen am 25. September 2020}
}

@ONLINE{StorybookGithub,
	author = {{Github}},
	title = {Storybook - Github Seite},
	url = {https://storybook.js.org/},
	note = {Zuletzt aufgerufen am 25. September 2020}
}

@ONLINE{VueStyleguidist,
	author = {{Vue Styleguidist}},
	title = {{Vue Styleguidist}},
	url = {https://vue-styleguidist.github.io/},
	note = {Zuletzt aufgerufen am 25. September 2020}
}

@ONLINE{VueStyleguidistGithub,
	author = {{Github}},
	title = {{Vue Styleguidist - Github Seite}},
	url = {https://github.com/vue-styleguidist/vue-styleguidist},
	note = {Zuletzt aufgerufen am 25. September 2020}
}

@ONLINE{ReactStyleguidistGithub,
	author = {{Github}},
	title = {{React Styleguidist - Github Seite}},
	url = {https://github.com/styleguidist/react-styleguidist},
	note = {Zuletzt aufgerufen am 25. September 2020}
}

@ONLINE{WorkshopStorefront,
	author = {Frost, Brad},
	title = {The Workshop and the Storefront},
	month = may,
	year = {2016},
	url = {https://bradfrost.com/blog/post/the-workshop-and-the-storefront/},
	note = {Zuletzt aufgerufen am 25. September 2020}
}

@ONLINE{StorybookVSStyleguidist,
	author = {Nguyen, Dominic},
	title = {Storybook vs Styleguidist},
	month = may,
	year = {2018},
	url = {https://www.chromatic.com/blog/storybook-vs-styleguidist/},
	note = {Zuletzt aufgerufen am 25. September 2020}
}

@ONLINE{FrostCite,
	author = {Frost, Brad},
	title = {Zitat von Brad Frost},
	url = {https://storybook.js.org/},
	note = {Zuletzt aufgerufen am 25. September 2020}
}

@ONLINE{AlgoliaTailwindBlog,
	author = {Dayan, Sarah},
	month = march,
	year = {2019},
	title = {Redesigning Our Docs – Part 4 – Building a Scalable CSS Architecture},
	url = {https://blog.algolia.com/redesigning-our-docs-part-4-building-a-scalable-css-architecture/},
	note = {Zuletzt aufgerufen am 09. Oktober 2020}
}

@ONLINE{TailwindcssDocsFileControll,
	author = {{Tailwindcss}},
	year = {2020},
	title = {Controlling File Size},
	url = {https://tailwindcss.com/docs/controlling-file-size},
	note = {Zuletzt aufgerufen am 09. Oktober 2020}
}

@ONLINE{SlotsPropsArticle,
	author = {Meyer, Nico},
	month = Feb,
	year = {2019},
	title = {Vue.js: slots vs. props},
	url = {https://medium.com/@nicomeyer/vue-js-slots-vs-props-af87078a8bd},
	note = {Zuletzt aufgerufen am 19. Oktober 2020}
}

@ONLINE{VueDocsSlots,
	author = {Vue.js},
	year = {2020},
	title = {Vue.js: Slots},
	url = {https://vuejs.org/v2/guide/components-slots.html},
	note = {Zuletzt aufgerufen am 19. Oktober 2020}
}

@ONLINE{Vue3DocsLogicReuse,
	author = {Vue.js},
	year = {2020},
	title = {Vue.js Composition API: Logic Reuse \& Code Organization},
	url = {https://composition-api.vuejs.org/\#logic-reuse-code-organization},
	note = {Zuletzt aufgerufen am 20. Oktober 2020}
}
