@ONLINE{GithubStarSearch,
	author = {Suche Github},
	title = {GitHub Star Filtering Search {@ONLINE}},
	month = mar,
	year = {2020},
  publisher={Github},
	url = {https://github.com/search?q=stars%3A%3E100&s=stars&type=Repositories},
	note = {Last accessed 4 Mai 2020}
}
